@inbook{network_tanenbaum,
	author="Andrew S. Tanenbaum.",
	title=". Компьютерные сети, 4-е издание.",
	publisher="--- М. : Питер",
	pages="994",
	language="russian",
	year=2003
}

@inbook{tcp_ip_reilly,
	author="Крэйг Хант",
	title="TCP/IP: Сетевое администрирование, 3-е издание.",
	publisher="--- СПб: Символ-Плюс",
	pages="816",
	language="russian",
	year=2008
}

@inbook{tcp_ip_lora,
	author="Чеппел Л., Титтел Э.",
	title="TCP/IP: учебный курс, Пер. с англ.",
	publisher="--- СПб: БХВ-Петербург",
	pages="976",
	language="russian",
	year=2003
}

@inbook{rtp_rtcp_ip_telefone,
	author="Гольдштейн Б. С., Гойхман В. Ю., Столповская Ю. В.",
	title="Протоколы IP-телефонии: RTP, RTCP : учебное пособие",
	publisher="--- СПб: СПбГУТ",
	pages="59",
	language="russian",
	year=2014
}

@misc{rfc_tcp,
	title="RFC 1889. RTP: A Transport Protocol for Real-Time Applications [Электронный ресурс]",
	howpublished="Режим доступа: \url{https://www.ietf.org/rfc/rfc1889.txt} (Дата обращения: 06.11.2023)",
}

@misc{rtp_rtcp_overview,
	author="Tommi K.",
	title="Protocol overview: RTP and RTCP [Электронный ресурс]",
	howpublished="Режим доступа: \url{https://citeseerx.ist.psu.edu/viewdoc/download?doi=10.1.1.127.842&rep=rep1&type=pdf} (Дата обращения: 06.11.2023)",
}

@misc{rtp_rtcp_rtsp_mc,
	author="Tommi K.",
	title="RTP, RTCP and RTSP --- Internet Protocols fro RealTime Multimedia Communication [Электронный ресурс]",
	howpublished="Режим доступа: \url{https://www.cse.wustl.edu/~jain/books/ftp/rtp.pdf} (Дата обращения: 06.11.2023)",
}

@misc{rfc_http_auth,
	title="RFC 2069. An Extension to HTTP : Digest Access Authentication [Электронный ресурс]",
	howpublished="Режим доступа: \url{https://www.ietf.org/rfc/rfc2326.txt} (Дата обращения: 13.11.2023)",
}

@misc{rfc_rtsp,
	title="RFC 2326. Real Time Streaming Protocol (RTSP) [Электронный ресурс]",
	howpublished="Режим доступа: \url{https://2rfc.net/2326} (Дата обращения: 13.11.2023)",
}

@misc{rtmp_adobe,
	title="Adobe RTMP Specification [Электронный ресурс]",
	howpublished="Режим доступа: \url{https://rtmp.veriskope.com/docs/spec/} (Дата обращения: 13.11.2023)",
}

@misc{hls_apple,
	title="HTTP Live Streaming [Электронный ресурс]",
	howpublished="Режим доступа: \url{https://developer.apple.com/documentation/http-live-streaming?language=data} (Дата обращения: 14.11.2023)",
}

@misc{research_videocontent_2021,
	title="Обмен видеоданными посредством Ethernet [Электронный ресурс]",
	howpublished="Режим доступа: \url{https://rep.bntu.by/bitstream/handle/data/94438/20-22.pdf?sequence=1&isAllowed=y} (Дата обращения: 30.10.2023)",
}

@misc{research_videocontent_2023,
	title="Тренды медиапотребления в России [Электронный ресурс]",
	howpublished="Режим доступа: \url{https://adindex.ru/publication/analitics/search/2023/11/20/317349.phtml} (Дата обращения: 30.10.2023)",
}

@misc{mediascope_2022,
	title="Mediascope представила данные о медиапотреблении россиян в 2022 году [Электронный ресурс]",
	howpublished="Режим доступа: \url{https://licensingrussia.ru/article/11208-mediascope-predstavila-dannye-o-mediapotreblenii-rossiian-v-2022-godu/} (Дата обращения: 30.10.2023)",
}

@misc{protocls_lakin,
	author="Лейкин А.",
	title="Протоколы транспортного уровня UDP, TCP и SCTP: достоинства и недостатки [Электронный ресурс]",
	howpublished="Режим доступа: \url{https://www.researchgate.net/publication/336748145_Protokoly_transportnogo_urovna_UDP_TCP_i_SCTP_dostoinstva_i_nedostatki} (Дата обращения: 05.11.2023)",
}

@misc{basic_stream_protocls,
	author="Бeднаж В.А., Огурцова А.М.",
	title="Основыне протколы передачи потокового видео [Электронный ресурс]",
	howpublished="Режим доступа: \url{https://vdocuments.mx/-5750a9aa1a28abcf0cd1ffec.html?page=1} (Дата обращения: 05.11.2023)",
}

@misc{mpeg-dash-2012,
	title="MPEG--DASH ISO/IEC 23009-1:2012 [Электронный ресурс]",
	howpublished="Режим доступа: \url{https://ossrs.io/lts/zh-cn/assets/files/ISO_IEC_23009-1-DASH-2012-0e19daf31a9902aed8755e868cc39113.pdf} (Дата обращения: 03.12.2023)",
}

@misc{mpeg-dash-2019,
	title="MPEG--DASH ISO/IEC 23009-1:2019 [Электронный ресурс]",
	howpublished="Режим доступа: \url{https://www.iso.org/obp/ui/#iso:std:iso-iec:23009:-1:ed-4:v1:en} (Дата обращения: 03.12.2023)",
}

@misc{rfc-mptcp-6824,
	title="RFC 6824. TCP Extensions for Multipath Operation with Multiple Addresses  [Электронный ресурс]",
	howpublished="Режим доступа: \url{https://datatracker.ietf.org/doc/html/rfc6824#section-3} (Дата обращения: 04.12.2023)",
}

@misc{rfc-mptcp-8684,
	title="RFC 8684. TCP Extensions for Multipath Operation with Multiple Addresses  [Электронный ресурс]",
	howpublished="Режим доступа: \url{https://datatracker.ietf.org/doc/html/rfc6824#section-3} (Дата обращения: 04.12.2023)",
}